@Book{Rybicka,
author = "Rybička, Jiří",
title = "{{\LaTeX}} pro začátečníky",
publisher = "Konvoj",
year = "2003",
edition = "3",
address = "Brno",
isbn = "80--7302--049--1",
}

@Book{Bringhurst,
author = "Bringhurst, Robert",
title = "The Elements of Typographic Style",
publisher = "Hartley \& Marks Publishers",
year = "2004",
edition = "3",
adress = "Canada",
isbn = "08--8179--206--3",
}

@BachelorThesis{Hoskova,
author = "Hošková, Markéta",
title = "Vojtěch Preissig a typografie jeho doby",
school = "Univerzita Karlova FFA",
address = "Praha",
year = "2013",
}

@MasterThesis{Cerny,
author = "Černý, Martin",
title = "Znakové sady v typografických systémech",
school = "Mendelova zemědělská a lesnická univerzita Ústav informatiky",
address = "Brno",
year = "1999",
}

@Misc{Martinek,
author = "Martinek, David",
title = "{{\LaTeX}}ové speciality",
howpublished = "online",
revised = "Last change 25. February 2010",
cited = "!2017-04-15",
url = "http://www.fit.vutbr.cz/~martinek/latex/",
}

@Misc{Found,
author = "Found, Jimmy",
title = "Co to je a proč se ho chtít učit?",
howpublished = "online",
revised = "Last change 21. August 2013",
cited = "!2017-04-15",
url = "\url{http://programujte.com/clanek/2013080500-latex-1-co-to-je-a-proc-se-ho-chtit-ucit/}",
}

@Misc{Sopuch,
author = "Sopuch, Pavel",
title = "\LaTeX v kostce",
howpublished = "online",
revised = "Last change 20. January 2001",
cited = "!2017-04-15",
url = "http://www.it.cas.cz/manual/latex/",
}

@InProceedings{Digirama,
publisher = {Digirama},
year = {1995--2014},
title = {\textit{Typografia}},
issn = "0322--9068",
address = "Praha",
}

@Article{Sedlacek,
author = "Sedláček, Ondřej",
title = "Dobré obaly dobře prodávají aneb Froma versus obsah",
journal = "Typografia",
year = "2014",
number = "1254",
volume = "117",
pages = "1--2",
issn = "0322-9068",
}

@Article{Zapotocky,
author = "Zápotocký, Jiří",
title = "Standardizace kvality tisku",
journal = "Typografia",
year = "2013",
number = "1247",
volume = "116",
pages = "1--2",
issn = "0322-9068",
}
